@inproceedings{DBLP:conf/naacl/YinS15,
  author    = {Wenpeng Yin and
               Hinrich Sch{\"{u}}tze},
  title     = {Convolutional Neural Network for Paraphrase Identification},
  booktitle = {Proceedings of 2015 Conference of the North American Chapter of the Association for Computational Linguistics},
  pages     = {901--911},
  year      = {2015}
}

@inproceedings{selfdef:conf/altw/WanDDP06,
  author    = {Wan, Stephen and 
               Dras, Mark and 
	           Dale, Robert and 
	           Paris, C{\'e}cile},
  title     = {Using dependency-based features to take the ``para-farce'' out of paraphrase},
  booktitle = {Proceedings of 2006 Australasian Language Technology Workshop},
  pages     = {131--138},
  year      = {2006}
}

@inproceedings{DBLP:conf/aaai/MihalceaCS06,
	author    = {Rada Mihalcea and
	             Courtney Corley and
	             Carlo Strapparava},
	title     = {Corpus-based and Knowledge-based Measures of Text Semantic Similarity},
	booktitle = {Proceedings of 21st National Conference on Artificial Intelligence},
	pages     = {775--780},
	year      = {2006}
}

@inproceedings{DBLP:conf/emnlp/HeGL15,
	author    = {Hua He and
  	             Kevin Gimpel and
	             Jimmy Lin},
	title     = {Multi-Perspective Sentence Similarity Modeling with Convolutional Neural Networks},
	booktitle = {Proceedings of 2015 Conference on Empirical Methods in Natural Language Processing},
	pages     = {1576--1586},
	year      = {2015}
}

@inproceedings{DBLP:conf/emnlp/Kim14,
	author    = {Yoon Kim},
	title     = {Convolutional Neural Networks for Sentence Classification},
	booktitle = {Proceedings of 2014 Conference on Empirical Methods in Natural	Language Processing},
	pages     = {1746--1751},
	year      = {2014}
}

@inproceedings{DBLP:conf/acl/DasS09,
	author    = {Dipanjan Das and
	             Noah A. Smith},
	title     = {Paraphrase Identification as Probabilistic Quasi-Synchronous Recognition},
	booktitle = {Proceedings of 47th Annual Meeting of the Association for Computational Linguistics 
	             and 4th International Joint Conference	on Natural Language Processing},
	pages     = {468--476},
	year      = {2009}
}

@inproceedings{DBLP:conf/nips/SocherHPNM11,
	author    = {Richard Socher and
	             Eric H. Huang and
 	             Jeffrey Pennington and
	             Andrew Y. Ng and
	             Christopher D. Manning},
	title     = {Dynamic Pooling and Unfolding Recursive Autoencoders for Paraphrase Detection},
	booktitle = {Proceedings of 25th Annual	Conference on Neural Information Processing Systems},
	pages     = {801--809},
	year      = {2011}
}

@inproceedings{DBLP:conf/acl/KalchbrennerGB14,
	author    = {Nal Kalchbrenner and
	             Edward Grefenstette and
	             Phil Blunsom},
	title     = {A Convolutional Neural Network for Modelling Sentences},
	booktitle = {Proceedings of 52nd Annual Meeting of the Association for Computational Linguistics},
	pages     = {655--665},
	year      = {2014}
}

@inproceedings{DBLP:conf/aaai/ShenRSOX15,
	author    = {Yikang Shen and
	             Wenge Rong and
	             Zhiwei Sun and
	             Yuanxin Ouyang and
	             Zhang Xiong},
	title     = {Question/Answer Matching for {CQA} System via Combining Lexical and Sequential Information},
	booktitle = {Proceedings of 29th {AAAI} Conference on Artificial Intelligence},
	pages     = {275--281},
	year      = {2015}
}

@inproceedings{DBLP:conf/ijcai/GabrilovichM07,
	author    = {Evgeniy Gabrilovich and
	             Shaul Markovitch},
	title     = {Computing Semantic Relatedness Using Wikipedia-based Explicit Semantic	Analysis},
	booktitle = {Proceedings of 20th International Joint Conference on Artificial Intelligence},
	pages     = {1606--1611},
	year      = {2007}
}

@inproceedings{DBLP:conf/icml/SantosZ14,
	author    = {C{\'{\i}}cero Nogueira dos Santos and
	             Bianca Zadrozny},
	title     = {Learning Character-level Representations for Part-of-Speech Tagging},
	booktitle = {Proceedings of 31st International Conference on Machine Learning},
	pages     = {1818--1826},
	year      = {2014}
}

@inproceedings{DBLP:conf/fintal/KozarevaM06,
  author    = {Zornitsa Kozareva and
               Andr{\'{e}}s Montoyo},
  title     = {Paraphrase Identification on the Basis of Supervised Machine Learning Techniques},
  booktitle = {Proceedings of 5th International Conference on Natural Language Processing},
  pages     = {524--533},
  year      = {2006}
}

@inproceedings{nguyen2015relation,
  title={Relation extraction: Perspective from convolutional neural networks},
  author={Nguyen, Thien Huu and Grishman, Ralph},
  booktitle={Proceedings of 2015 Conference of the North American Chapter of the Association for Computational Linguistics â€“ Human Language Technologies},
  pages={39--48},
  year={2015}
}

@inproceedings{DBLP:conf/cikm/ShenHGDM14,
  author    = {Yelong Shen and
               Xiaodong He and
               Jianfeng Gao and
               Li Deng and
               Gr{\'{e}}goire Mesnil},
  title     = {A Latent Semantic Model with Convolutional-Pooling Structure for Information Retrieval},
  booktitle = {Proceedings of the 23rd {ACM} International Conference on Conference
               on Information and Knowledge Management},
  pages     = {101--110},
  year      = {2014}
}

@inproceedings{DBLP:conf/aaai/ShenRSOX15,
  author    = {Yikang Shen and
               Wenge Rong and
               Zhiwei Sun and
               Yuanxin Ouyang and
               Zhang Xiong},
  title     = {Question/Answer Matching for {CQA} System via Combining Lexical and
               Sequential Information},
  booktitle = {Proceedings of the 29th {AAAI} Conference on Artificial Intelligence},
  pages     = {275--281},
  year      = {2015}
}

@inproceedings{DBLP:conf/icml/MnihT12,
  author    = {Andriy Mnih and
               Yee Whye Teh},
  title     = {A fast and simple algorithm for training neural probabilistic language
               models},
  booktitle = {Proceedings of the 29th International Conference on Machine Learning},
  year      = {2012}
}

@inproceedings{DBLP:conf/icml/CollobertW08,
  author    = {Ronan Collobert and
               Jason Weston},
  title     = {A unified architecture for natural language processing: deep neural
               networks with multitask learning},
  booktitle = {Proceedings of 25th International Conference on Machine Learning},
  pages     = {160--167},
  year      = {2008}
}

@phdthesis{hassan2011measuring,
  title={Measuring semantic relatedness using salient encyclopedic concepts},
  author={Hassan, Samer},
  year={2011},
  school={University of North Texas}
}

@inproceedings{DBLP:conf/flairs/RusMLMG08,
  author    = {Vasile Rus and
               Philip M. McCarthy and
               Mihai C. Lintean and
               Danielle S. McNamara and
               Arthur C. Graesser},
  title     = {Paraphrase Identification with Lexico-Syntactic Graph Subsumption},
  booktitle = {Proceedings of 21st International Florida Artificial Intelligence
               Research Society Conference},
  pages     = {201--206},
  year      = {2008}
}

@incollection{islam2009semantic,
  title     = {Semantic similarity of short texts},
  author    = {Islam, Aminul and
               Inkpen, Diana},
  booktitle = {Recent Advances in Natural Language Processing V: Selected papers from RANLP 2007},
  editor    = {Nicolas Nicolov and
               Galia Angelova and
               Ruslan Mitkov},
  pages     = {227--236},
  year      = {2009},
  publisher = {John Benjamins Publishing Company}
}

@inproceedings{fernando2008semantic,
  title={A semantic similarity approach to paraphrase detection},
  author={Fernando, Samuel and Stevenson, Mark},
  booktitle={Proceedings of 11th Annual Research Colloquium of the UK Special Interest Group for Computational Linguistics},
  pages={45--52},
  year={2008},
  organization={Citeseer}
}

@inproceedings{DBLP:conf/nips/HuLLC14,
  author    = {Baotian Hu and
               Zhengdong Lu and
               Hang Li and
               Qingcai Chen},
  title     = {Convolutional Neural Network Architectures for Matching Natural Language
               Sentences},
  booktitle = {Proceedings of 2014 Annual Conference on Neural Information Processing Systems},
  pages     = {2042--2050},
  year      = {2014}
}

@inproceedings{DBLP:conf/emnlp/JiE13,
  author    = {Yangfeng Ji and
               Jacob Eisenstein},
  title     = {Discriminative Improvements to Distributional Sentence Similarity},
  booktitle = {Proceedings of the 2013 Conference on Empirical Methods in Natural
               Language Processing},
  pages     = {891--896},
  year      = {2013}
}

@inproceedings{DBLP:conf/nips/JohnsonZ15,
	author    = {Rie Johnson and
	            Tong Zhang},
	title     = {Semi-supervised Convolutional Neural Networks for Text Categorization via Region Embedding},
	booktitle = {Proceedings of 2015 Annual Conference on Neural Information Processing Systems},
	pages     = {919--927},
	year      = {2015}
}

@article{ul2012paraphrase,
	title={Paraphrase identification using semantic heuristic features},
	author={Ul-Qayyum, Zia and Altaf, Wasif},
	journal={Research Journal of Applied Sciences, Engineering and Technology},
	volume={4},
	number={22},
	pages={4894--4904},
	year={2012}
}

@inproceedings{DBLP:conf/naacl/MadnaniTC12,
	author    = {Nitin Madnani and
        	     Joel R. Tetreault and
	             Martin Chodorow},
	title     = {Re-examining Machine Translation Metrics for Paraphrase Identification},
	booktitle = {Proceedings of the Annual Conference of the North American Chapter of the Association of Computational Linguistics},
	pages     = {182--190},
	year      = {2012}
}

@inproceedings{DBLP:conf/aaai/PangLGXWC16,
	author    = {Liang Pang and
	             Yanyan Lan and
	             Jiafeng Guo and
	             Jun Xu and
	             Shengxian Wan and
	             Xueqi Cheng},
	title     = {Text Matching as Image Recognition},
	booktitle = {Proceedings of 30th {AAAI} Conference on Artificial Intelligence},
	pages     = {2793--2799},
	year      = {2016}
}

@inproceedings{DBLP:conf/semeval/EyeciogluK16,
	author    = {Asli Eyecioglu and
	             Bill Keller},
	title     = {{ASOBEK} at SemEval-2016 Task 1: Sentence Representation with Character N-gram Embeddings for Semantic Textual Similarity},
	booktitle = {Proceedings of 10th International Workshop on Semantic Evaluation},
	pages     = {736--740},
	year      = {2016}
}

@inproceedings{DBLP:conf/conll/MelamudGD16,
	author    = {Oren Melamud and
	             Jacob Goldberger and
	             Ido Dagan},
	title     = {context2vec: Learning Generic Context Embedding with Bidirectional {LSTM}},
	booktitle = {Proceedings of 20th {SIGNLL} Conference on Computational Natural Language Learning},
	pages     = {51--61},
	year      = {2016}
}
