@inproceedings{DBLP:conf/emnlp/PanBWZL19,
  author    = {Zhu Feng Pan and
               Kun Bai and
               Yan Wang and
               Lianqiang Zhou and
               Xiaojiang Liu},
  title     = {Improving Open-Domain Dialogue Systems via Multi-Turn Incomplete Utterance
               Restoration},
  booktitle = {Proceedings of the 2019 Conference on Empirical Methods in Natural
               Language Processing and the 9th International Joint Conference on
               Natural Language Processing, {EMNLP-IJCNLP} 2019, Hong Kong, China,
               November 3-7, 2019},
  pages     = {1824--1833},
  year      = {2019},
  crossref  = {DBLP:conf/emnlp/2019-1},
  url       = {https://doi.org/10.18653/v1/D19-1191},
  doi       = {10.18653/v1/D19-1191},
  timestamp = {Thu, 12 Dec 2019 13:23:43 +0100},
  biburl    = {https://dblp.org/rec/bib/conf/emnlp/PanBWZL19},
  bibsource = {dblp computer science bibliography, https://dblp.org}
}

@proceedings{DBLP:conf/emnlp/2019-1,
  editor    = {Kentaro Inui and
               Jing Jiang and
               Vincent Ng and
               Xiaojun Wan},
  title     = {Proceedings of the 2019 Conference on Empirical Methods in Natural
               Language Processing and the 9th International Joint Conference on
               Natural Language Processing, {EMNLP-IJCNLP} 2019, Hong Kong, China,
               November 3-7, 2019},
  publisher = {Association for Computational Linguistics},
  year      = {2019},
  url       = {https://aclweb.org/anthology/volumes/D19-1/},
  isbn      = {978-1-950737-90-1},
  timestamp = {Thu, 12 Dec 2019 13:23:43 +0100},
  biburl    = {https://dblp.org/rec/bib/conf/emnlp/2019-1},
  bibsource = {dblp computer science bibliography, https://dblp.org}
}

